% Citations for SER 574 - project 1

%Journal articles

@article{SHEFFIELD,
title = "Factors associated with the software development agility of successful projects",
journal = "International Journal of Project Management",
volume = "31",
number = "3",
pages = "459 - 472",
year = "2013",
issn = "0263-7863",
doi = "https://doi.org/10.1016/j.ijproman.2012.09.011",
url = "http://www.sciencedirect.com/science/article/pii/S0263786312001251",
author = "Jim Sheffield and Julien Lem√©tayer",
}

@article{HBR,
title = "How to Make Sure Agile Teams Can Work Together",
journal = "Harvard Business Review",
year = "2018",
month = "May",
url = "https://hbr.org/2018/05/how-to-make-sure-agile-teams-can-work-together",
author = "Alia Crocker, Rob Cross, and Heidi K. Gardner",
}

@article{LEE,
 ISSN = {02767783},
 URL = {http://www.jstor.org/stable/20721416},
 author = {Gwanhoo Lee and Weidong Xia},
 journal = {MIS Quarterly},
 number = {1},
 pages = {87--114},
 publisher = {Management Information Systems Research Center, University of Minnesota},
 title = {Toward Agile: An Integrated Analysis of Quantitative and Qualitative Field Data on Software Development Agility},
 volume = {34},
 year = {2010}
}

@article{WERDER,
author = {Karl Werder and Alexander Maedche},
title = {Explaining the emergence of team agility: a complex adaptive systems perspective},
journal = {Information Technology \& People},
volume = {31},
number = {3},
pages = {819-844},
year = {2018},
doi = {10.1108/ITP-04-2017-0125},

URL = { 
        https://doi.org/10.1108/ITP-04-2017-0125
    
},
eprint = { 
        https://doi.org/10.1108/ITP-04-2017-0125
    
}
}
